%% This BibTeX bibliography file was created using BibDesk.
%% http://bibdesk.sourceforge.net/


%% Created for Simone Rossi at 2015-09-02 11:07:21 +0200 


%% Saved with string encoding Unicode (UTF-8) 



@article{Art_FeatureExtraction,
	Author = {Bor-Chen Kuo and David A. Landgrebe},
	Date-Added = {2015-09-02 08:55:59 +0000},
	Date-Modified = {2015-09-02 09:07:19 +0000},
	Journal = {IEEE Transactions on Geoscience and Remote Sensing},
	Keywords = {nocite},
	Month = {May},
	Number = {5},
	Pages = {1096--1105},
	Title = {Nonparametric Weighted Feature Extraction for Classification},
	Volume = {42},
	Year = {2004}}

@article{Art_HOGLandmine,
	Author = {Peter A. Torrione and Kenneth D. Morton and Rayn Sakaguchi and Leslie M. Collins},
	Date-Added = {2015-09-02 08:53:19 +0000},
	Date-Modified = {2015-09-02 09:07:11 +0000},
	Journal = {IEEE Transactions on Geoscience and Remote Sensing},
	Keywords = {nocite},
	Month = {March},
	Number = {3},
	Pages = {1539--1550},
	Title = {Histograms of Oriented Gradientes for Landmine Detection in Ground-Penetrating Radar Data},
	Volume = {52},
	Year = {2014}}

@article{Art_HOGHuman,
	Author = {Navneet Dalal and Bill Triggs},
	Date-Added = {2015-09-02 08:50:40 +0000},
	Date-Modified = {2015-09-02 09:07:07 +0000},
	Journal = {IEEE Computer Society Conference on Computer Vision and Pattern Recognition},
	Keywords = {nocite},
	Title = {Histograms of Oriented Gradientes for Human Detection},
	Year = {2005}}

@article{Art_MorphologicalSegmentation,
	Author = {Martino Pesaresi and J. A. Benediktsson},
	Date-Added = {2015-09-02 08:48:02 +0000},
	Date-Modified = {2015-09-02 09:06:11 +0000},
	Journal = {IEEE Transactions on Geoscience and Remote Sensing},
	Keywords = {nocite},
	Month = {February},
	Number = {2},
	Pages = {309--320},
	Title = {A New Approach for the Morphological Segmentation of High-Resolution Satellite Imagery},
	Volume = {39},
	Year = {2001}}

@article{Art_AttributeProfiles,
	Author = {Padram Ghamini and Mauro Dalla Mura and J. A. Benediktsson},
	Date-Added = {2015-09-02 08:45:04 +0000},
	Date-Modified = {2015-09-02 09:06:23 +0000},
	Journal = {IEEE Transactions on Geoscience and Remote Sensing},
	Keywords = {nocite},
	Month = {May},
	Number = {5},
	Pages = {2335--2353},
	Title = {A Survey on Spectral-Spatial Classification Techniques Based on Attribute Profiles},
	Volume = {53},
	Year = {2015}}

@article{Art_Variogram,
	Author = {Qi Chen and Peng Gong},
	Date-Added = {2015-09-02 08:41:36 +0000},
	Date-Modified = {2015-09-02 09:07:01 +0000},
	Journal = {IEEE Transactions on Geoscience and Remote Sensing},
	Keywords = {nocite},
	Month = {May},
	Number = {5},
	Pages = {1106--1115},
	Title = {Automatic Variogram Parameter Extraction for Textural Classification of the Panchromatic IKONOS Imagery},
	Volume = {42},
	Year = {2004}}

@article{Art_Moser,
	Author = {G. Moser and S. Serpico and J. A. Benediktsson},
	Date-Modified = {2015-09-02 09:07:15 +0000},
	Journal = {IEEE},
	Keywords = {nocite},
	Month = {March},
	Number = {3},
	Pages = {631--651},
	Title = {Land-Cover Mapping by Markov Modeling of Spatial-Contextual Information in Very-High-Resolution Remote Sensing Images},
	Volume = {101},
	Year = {2013},
	Bdsk-Url-1 = {http://link.aip.org/link/?RSI/69/1236/1}}
